@article{rodriguez2018diseno,
	title={Dise{\~n}o de investigaci{\'o}n de corte transversal},
	author={Rodr{\'\i}guez, Milena and Mendivelso, Fredy},
	journal={Revista m{\'e}dica sanitas},
	volume={21},
	number={3},
	pages={141--147},
	year={2018}
}